@article{Mosher1999EEGMethods,
    title = {{EEG and MEG: forward solutions for inverse methods}},
    year = {1999},
    journal = {IEEE Transactions on Biomedical Engineering},
    author = {Mosher, J.C. and Leahy, R.M. and Lewis, P.S.},
    number = {3},
    month = {3},
    pages = {245--259},
    volume = {46},
    url = {http://ieeexplore.ieee.org/document/748978/},
    doi = {10.1109/10.748978},
    issn = {00189294}
}

@book{Nunez2006ElectricBrain,
    title = {{Electric Fields of the Brain}},
    year = {2006},
    author = {Nunez, Paul L. and Srinivasan, Ramesh},
    month = {1},
    publisher = {Oxford University Press},
    url = {http://www.oxfordscholarship.com/view/10.1093/acprof:oso/9780195050387.001.0001/acprof-9780195050387},
    isbn = {9780195050387},
    doi = {10.1093/acprof:oso/9780195050387.001.0001}
}

@article{Hamalainen1993MagnetoencephalographytheoryBrain,
    title = {{Magnetoencephalographyâ€”theory, instrumentation, and applications to noninvasive studies of the working human brain}},
    year = {1993},
    journal = {Reviews of Modern Physics},
    author = {H{\"{a}}m{\"{a}}l{\"{a}}inen, Matti and Hari, Riitta and Ilmoniemi, Risto J. and Knuutila, Jukka and Lounasmaa, Olli V.},
    number = {2},
    month = {4},
    pages = {413--497},
    volume = {65},
    url = {https://link.aps.org/doi/10.1103/RevModPhys.65.413},
    doi = {10.1103/RevModPhys.65.413},
    issn = {0034-6861}
}

@article{Dannhauer2011ModelingAnalysis,
    title = {{Modeling of the human skull in EEG source analysis}},
    year = {2011},
    journal = {Human Brain Mapping},
    author = {Dannhauer, Moritz and Lanfer, Benjamin and Wolters, Carsten H. and Kn{\"{o}}sche, Thomas R.},
    number = {9},
    month = {9},
    pages = {1383--1399},
    volume = {32},
    url = {http://doi.wiley.com/10.1002/hbm.21114},
    doi = {10.1002/hbm.21114},
    issn = {10659471}
}

@article{Schmidt1986MultipleEstimation,
    title = {{Multiple emitter location and signal parameter estimation}},
    year = {1986},
    journal = {IEEE Transactions on Antennas and Propagation},
    author = {Schmidt, R.},
    number = {3},
    month = {3},
    pages = {276--280},
    volume = {34},
    url = {http://ieeexplore.ieee.org/document/1143830/},
    doi = {10.1109/TAP.1986.1143830},
    issn = {0096-1973}
}

@article{Schmidt2009MultipleEstimation,
    title = {{Multiple emitter location and signal parameter estimation}},
    year = {2009},
    journal = {Adaptive Antennas for Wireless Communications},
    author = {Schmidt, Ralph O.},
    number = {3},
    pages = {190--194},
    isbn = {9780470544075},
    doi = {10.1109/9780470544075.ch2},
    issn = {0096-1973},
    pmid = {20949035}
}

@article{Mosher1998RecursiveLocalization,
    title = {{Recursive MUSIC: A framework for EEG and MEG source localization}},
    year = {1998},
    journal = {IEEE Transactions on Biomedical Engineering},
    author = {Mosher, J.C. and Leahy, R.M.},
    number = {11},
    pages = {1342--1354},
    volume = {45},
    url = {http://ieeexplore.ieee.org/document/725331/},
    doi = {10.1109/10.725331},
    issn = {00189294}
}

@article{Mosher1999SourceMUSIC,
    title = {{Source localization using recursively applied and projected (RAP) MUSIC}},
    year = {1999},
    journal = {IEEE Transactions on Signal Processing},
    author = {Mosher, J.C. and Leahy, R.M.},
    number = {2},
    pages = {332--340},
    volume = {47},
    url = {http://ieeexplore.ieee.org/document/740118/},
    doi = {10.1109/78.740118},
    issn = {1053587X}
}

@article{Makela2018TruncatedLocalization,
    title = {{Truncated RAP-MUSIC (TRAP-MUSIC) for MEG and EEG source localization}},
    year = {2018},
    journal = {NeuroImage},
    author = {M{\"{a}}kel{\"{a}}, Niko and Stenroos, Matti and Sarvas, Jukka and Ilmoniemi, Risto J.},
    month = {2},
    pages = {73--83},
    volume = {167},
    publisher = {Academic Press},
    url = {https://www-sciencedirect-com.libproxy.aalto.fi/science/article/pii/S1053811917309205},
    doi = {10.1016/J.NEUROIMAGE.2017.11.013},
    issn = {1053-8119}
}