@article{Vergallo2013BrainMeasurements,
    title = {{Brain source localization: A new method based on MUltiple SIgnal Classification algorithm and spatial sparsity of the field signal for electroencephalogram measurements}},
    year = {2013},
    journal = {Review of Scientific Instruments},
    author = {Vergallo, P. and Lay-Ekuakille, A.},
    doi = {10.1063/1.4818966},
    issn = {00346748},
    pmid = {24007117}
}

@article{Mosher1999EEGMethods,
    title = {{EEG and MEG: forward solutions for inverse methods}},
    year = {1999},
    journal = {IEEE Transactions on Biomedical Engineering},
    author = {Mosher, J.C. and Leahy, R.M. and Lewis, P.S.},
    number = {3},
    month = {3},
    pages = {245--259},
    volume = {46},
    url = {http://ieeexplore.ieee.org/document/748978/},
    doi = {10.1109/10.748978},
    issn = {00189294}
}

@article{Mosher1999EEGMethodsb,
    title = {{EEG and MEG: Forward Solutions for Inverse Methods}},
    year = {1999},
    journal = {IEEE TRANSACTIONS ON BIOMEDICAL ENGINEERING},
    author = {Mosher, John C and Leahy, Richard M and Lewis, Paul S},
    number = {3},
    volume = {46}
}

@article{SiulyEEGApplications,
    title = {{EEG Signal Analysis and Classification Techniques and Applications}},
    author = {Siuly, Siuly and Li, Yan and Zhang, Yanchun}
}

@misc{Michel2004EEGImaging,
    title = {{EEG source imaging}},
    year = {2004},
    booktitle = {Clinical Neurophysiology},
    author = {Michel, Christoph M. and Murray, Micah M. and Lantz, Göran and Gonzalez, Sara and Spinelli, Laurent and Grave De Peralta, Rolando},
    isbn = {1388-2457 (Print){\textbackslash}r1388-2457 (Linking)},
    doi = {10.1016/j.clinph.2004.06.001},
    issn = {13882457},
    pmid = {15351361},
    arxivId = {arXiv:1011.1669v3},
    keywords = {EEG, Neuroimaging, Source localization}
}

@article{Wendel2009EEG/MEGIssues,
    title = {{EEG/MEG source imaging: Methods, challenges, and open issues}},
    year = {2009},
    journal = {Computational Intelligence and Neuroscience},
    author = {Wendel, Katrina and V{\"{a}}is{\"{a}}nen, Outi and Malmivuo, Jaakko and Gencer, Nevzat G. and Vanrumste, Bart and Durka, Piotr and Magjarevi{\'{c}}, Ratko and Supek, Selma and Pascu, Mihail Lucian and Fontenelle, Hugues and Grave De Peralta Menendez, Rolando},
    isbn = {1687-5273 (Electronic)},
    doi = {10.1155/2009/656092},
    issn = {16875265},
    pmid = {19639045}
}

@article{Liu2006EfficientAlgorithm,
    title = {{Efficient localization of synchronous EEG source activities using a modified RAP-MUSIC algorithm}},
    year = {2006},
    journal = {IEEE Transactions on Biomedical Engineering},
    author = {Liu, Hesheng and Schimpf, Paul H.},
    isbn = {0018-9294 (Print){\textbackslash}r0018-9294},
    doi = {10.1109/TBME.2006.870236},
    issn = {00189294},
    pmid = {16602571},
    keywords = {EEG, Inverse problem, RAP-MUSIC, Synchronization}
}

@book{Nunez2006ElectricEEG,
    title = {{Electric fields of the brain : the neurophysics of EEG}},
    year = {2006},
    author = {Nunez, Paul L. and Srinivasan, Ramesh.},
    pages = {611},
    publisher = {Oxford University Press},
    url = {https://books.google.fi/books?hl=fi&lr=&id=fUv54as56_8C&oi=fnd&pg=PR11&dq=electric+fields+of+the+brain&ots=nYQj7WmKPU&sig=UCQovkYsafsXMs4-DztWjlkOP6U&redir_esc=y#v=onepage&q=electric fields of the brain&f=false},
    isbn = {019505038X}
}

@article{Baillet2001ElectromagneticMapping,
    title = {{Electromagnetic brain mapping}},
    year = {2001},
    journal = {IEEE Signal Processing Magazine},
    author = {Baillet, Sylvain and Mosher, John C. and Leahy, Richard M.},
    isbn = {1053-5888},
    doi = {10.1109/79.962275},
    issn = {10535888},
    pmid = {19378271},
    arxivId = {1053-5888}
}

@article{He2018ElectrophysiologicalDynamics,
    title = {{Electrophysiological Source Imaging: A Noninvasive Window to Brain Dynamics}},
    year = {2018},
    author = {He, Bin and Sohrabpour, Abbas and Brown, Emery and Liu, Zhongming},
    url = {https://doi.org/10.1146/annurev-bioeng-062117-120853},
    doi = {10.1146/annurev-bioeng-062117},
    keywords = {EEG, MEG, electrophysiological source imaging, functional connectivity, inverse problem, source localization}
}

@book{Tatum2014HandbookInterpretation,
    title = {{Handbook of EEG interpretation}},
    year = {2014},
    author = {Tatum, William O.},
    pages = {360},
    isbn = {9781620700167}
}

@article{Nolte2004IdentifyingCoherency,
    title = {{Identifying true brain interaction from EEG data using the imaginary part of coherency}},
    year = {2004},
    journal = {Clinical Neurophysiology},
    author = {Nolte, Guido and Bai, Ou and Wheaton, Lewis and Mari, Zoltan and Vorbach, Sherry and Hallett, Mark},
    number = {10},
    month = {10},
    pages = {2292--2307},
    volume = {115},
    publisher = {Elsevier},
    url = {https://www-sciencedirect-com.libproxy.aalto.fi/science/article/pii/S1388245704001993?via%3Dihub},
    doi = {10.1016/J.CLINPH.2004.04.029},
    issn = {1388-2457}
}

@article{ShahbaziAvarvand2012LocalizingBeamformers,
    title = {{Localizing True Brain Interactions from EEG and MEG Data with Subspace Methods and Modified Beamformers}},
    year = {2012},
    journal = {Computational and Mathematical Methods in Medicine},
    author = {Shahbazi Avarvand, Forooz and Ewald, Arne and Nolte, Guido},
    pages = {1--11},
    volume = {2012},
    url = {http://www.hindawi.com/journals/cmmm/2012/402341/},
    doi = {10.1155/2012/402341},
    issn = {1748-670X}
}

@article{MakelaLocatingNeuroimaging,
    title = {{Locating functional brain areas with magnetic stimulation and electrophysiological neuroimaging}},
    author = {M{\"{a}}kel{\"{a}}, Niko}
}

@article{MakelaLocatingRDS-MUSIC,
    title = {{Locating highly correlated sources from MEG with (recursive) (R)DS-MUSIC}},
    author = {M{\"{a}}kel{\"{a}}, Niko and Stenroos, Matti and Sarvas, Jukka and Ilmoniemi, Risto J},
    url = {http://dx.doi.org/10.1101/230672},
    doi = {10.1101/230672},
    keywords = {EEG, MEG, Magnetoencephalography, inverse methods, multiple sources, source localization, synchrony, temporal correlations}
}

@article{Hamalainen1993MagnetoencephalographytheoryBrain,
    title = {{Magnetoencephalography—theory, instrumentation, and applications to noninvasive studies of the working human brain}},
    year = {1993},
    journal = {Reviews of Modern Physics},
    author = {H{\"{a}}m{\"{a}}l{\"{a}}inen, Matti and Hari, Riitta and Ilmoniemi, Risto J. and Knuutila, Jukka and Lounasmaa, Olli V.},
    number = {2},
    month = {4},
    pages = {413--497},
    volume = {65},
    url = {https://link.aps.org/doi/10.1103/RevModPhys.65.413},
    doi = {10.1103/RevModPhys.65.413},
    issn = {0034-6861}
}

@article{Dannhauer2011ModelingAnalysis,
    title = {{Modeling of the human skull in EEG source analysis}},
    year = {2011},
    journal = {Human Brain Mapping},
    author = {Dannhauer, Moritz and Lanfer, Benjamin and Wolters, Carsten H. and Kn{\"{o}}sche, Thomas R.},
    number = {9},
    month = {9},
    pages = {1383--1399},
    volume = {32},
    url = {http://doi.wiley.com/10.1002/hbm.21114},
    doi = {10.1002/hbm.21114},
    issn = {10659471}
}

@article{Liu2002MonteAccuracy,
    title = {{Monte Carlo simulation studies of EEG and MEG localization accuracy}},
    year = {2002},
    journal = {Human Brain Mapping},
    author = {Liu, Arthur K. and Dale, Anders M. and Belliveau, John W.},
    isbn = {1097-0193},
    doi = {10.1002/hbm.10024},
    issn = {10659471},
    pmid = {11870926},
    keywords = {Bayesian linear inverse, Brain, Forward problem, Human, Inverse problem, Linear estimation, Weighted minimum norm, fMRI}
}

@article{Mosher1992MultipleData,
    title = {{Multiple dipole modeling and localization from spatio-temporal MEG data}},
    year = {1992},
    journal = {IEEE Transactions on Biomedical Engineering},
    author = {Mosher, J.C. and Lewis, P.S. and Leahy, R.M.},
    number = {6},
    month = {6},
    pages = {541--557},
    volume = {39},
    url = {http://ieeexplore.ieee.org/document/141192/},
    doi = {10.1109/10.141192},
    issn = {00189294}
}

@article{Schmidt1986MultipleEstimation,
    title = {{Multiple emitter location and signal parameter estimation}},
    year = {1986},
    journal = {IEEE Transactions on Antennas and Propagation},
    author = {Schmidt, R.},
    number = {3},
    month = {3},
    pages = {276--280},
    volume = {34},
    url = {http://ieeexplore.ieee.org/document/1143830/},
    doi = {10.1109/TAP.1986.1143830},
    issn = {0096-1973}
}

@article{IlmoniemiNeuromagnetism:Measurements,
    title = {{Neuromagnetism: Theory, techniques and measurements}},
    author = {Ilmoniemi, Risto}
}

@book{Niedermeyer2010NiedermeyersFields,
    title = {{Niedermeyer's electroencephalography : basic principles, clinical applications, and related fields}},
    year = {2010},
    author = {Niedermeyer, Ernst and Schomer, Donald L. and Lopes da Silva, F. H.},
    pages = {1291},
    publisher = {Wolters Kluwer Health},
    isbn = {9780781789424}
}

@article{Jerbi1987PhysicsSarvas,
    title = {{Physics in Medicine {\&} Biology To cite this article: J Sarvas}},
    year = {1987},
    journal = {Phys. Med. Biol},
    author = {Jerbi, Meg K and Mosher, J C and Baillet, S},
    pages = {11},
    volume = {32}
}

@article{Mosher1998RecursiveLocalization,
    title = {{Recursive MUSIC: A framework for EEG and MEG source localization}},
    year = {1998},
    journal = {IEEE Transactions on Biomedical Engineering},
    author = {Mosher, J.C. and Leahy, R.M.},
    number = {11},
    pages = {1342--1354},
    volume = {45},
    url = {http://ieeexplore.ieee.org/document/725331/},
    doi = {10.1109/10.725331},
    issn = {00189294}
}

@misc{Hallez2007ReviewAnalysis,
    title = {{Review on solving the forward problem in EEG source analysis}},
    year = {2007},
    booktitle = {Journal of NeuroEngineering and Rehabilitation},
    author = {Hallez, Hans and Vanrumste, Bart and Grech, Roberta and Muscat, Joseph and De Clercq, Wim and Vergult, Anneleen and D'Asseler, Yves and Camilleri, Kenneth P. and Fabri, Simon G. and Van Huffel, Sabine and Lemahieu, Ignace},
    isbn = {1743-0003 (Electronic){\textbackslash}r1743-0003 (Linking)},
    doi = {10.1186/1743-0003-4-46},
    issn = {17430003},
    pmid = {18053144},
    arxivId = {1501.04621}
}

@misc{Grech2008ReviewAnalysis,
    title = {{Review on solving the inverse problem in EEG source analysis}},
    year = {2008},
    booktitle = {Journal of NeuroEngineering and Rehabilitation},
    author = {Grech, Roberta and Cassar, Tracey and Muscat, Joseph and Camilleri, Kenneth P. and Fabri, Simon G. and Zervakis, Michalis and Xanthopoulos, Petros and Sakkalis, Vangelis and Vanrumste, Bart},
    isbn = {1743-0003 (Electronic){\textbackslash}r1743-0003 (Linking)},
    doi = {10.1186/1743-0003-5-25},
    issn = {17430003},
    pmid = {18990257},
    arxivId = {1501.04621}
}

@article{Malmivuo1997SensitivityMeasurements,
    title = {{Sensitivity distributions of EEG and MEG measurements}},
    year = {1997},
    journal = {IEEE Transactions on Biomedical Engineering},
    author = {Malmivuo, Jaakko and Suihko, Veikko and Eskola, Hannu},
    isbn = {0-7803-7211-5},
    doi = {10.1109/10.554766},
    issn = {00189294},
    pmid = {9216133},
    keywords = {Bioelectromagnetism, electroencephalography, magnetoencephalography}
}

@article{Mosher1999SourceMUSIC,
    title = {{Source localization using recursively applied and projected (RAP) MUSIC}},
    year = {1999},
    journal = {IEEE Transactions on Signal Processing},
    author = {Mosher, J.C. and Leahy, R.M.},
    number = {2},
    pages = {332--340},
    volume = {47},
    url = {http://ieeexplore.ieee.org/document/740118/},
    doi = {10.1109/78.740118},
    issn = {1053587X}
}

@article{Makela2018TruncatedLocalization,
    title = {{Truncated RAP-MUSIC (TRAP-MUSIC) for MEG and EEG source localization}},
    year = {2018},
    journal = {NeuroImage},
    author = {M{\"{a}}kel{\"{a}}, Niko and Stenroos, Matti and Sarvas, Jukka and Ilmoniemi, Risto J.},
    month = {2},
    pages = {73--83},
    volume = {167},
    publisher = {Academic Press},
    url = {https://www-sciencedirect-com.libproxy.aalto.fi/science/article/pii/S1053811917309205},
    doi = {10.1016/J.NEUROIMAGE.2017.11.013},
    issn = {1053-8119}
}

@article{Ewald2014WedgeData,
    title = {{Wedge MUSIC: A novel approach to examine experimental differences of brain source connectivity patterns from EEG/MEG data}},
    year = {2014},
    journal = {NeuroImage},
    author = {Ewald, Arne and Avarvand, Forooz Shahbazi and Nolte, Guido},
    month = {11},
    pages = {610--624},
    volume = {101},
    publisher = {Academic Press},
    url = {https://www-sciencedirect-com.libproxy.aalto.fi/science/article/pii/S1053811914005837?via%3Dihub},
    doi = {10.1016/J.NEUROIMAGE.2014.07.011},
    issn = {1053-8119}
}